<?xml version="1.0" encoding="UTF-8"?>
  <record xmlns="http://www.loc.gov/MARC21/slim" type="Authority">
    <leader>00000nz  a2200000nc 4500</leader>
    <controlfield tag="001">123131138</controlfield>
    <controlfield tag="003">DE-101</controlfield>
    <controlfield tag="005">20161214005025.0</controlfield>
    <controlfield tag="008">010815n||azznnaabn           | aaa    |c</controlfield>
    <datafield tag="024" ind1="7" ind2=" ">
      <subfield code="a">123131138</subfield>
      <subfield code="0">http://d-nb.info/gnd/123131138</subfield>
      <subfield code="2">gnd</subfield>
    </datafield>
    <datafield tag="035" ind1=" " ind2=" ">
      <subfield code="a">(DE-101)123131138</subfield>
    </datafield>
    <datafield tag="035" ind1=" " ind2=" ">
      <subfield code="a">(DE-588)123131138</subfield>
    </datafield>
    <datafield tag="035" ind1=" " ind2=" ">
      <subfield code="z">(DE-588)108989144X</subfield>
    </datafield>
    <datafield tag="035" ind1=" " ind2=" ">
      <subfield code="z">(DE-588)1089823517</subfield>
    </datafield>
    <datafield tag="035" ind1=" " ind2=" ">
      <subfield code="z">(DE-588)182062201</subfield>
    </datafield>
    <datafield tag="035" ind1=" " ind2=" ">
      <subfield code="z">(DE-588a)182062201</subfield>
      <subfield code="9">v:zg</subfield>
    </datafield>
    <datafield tag="035" ind1=" " ind2=" ">
      <subfield code="z">(DE-588)176904751</subfield>
    </datafield>
    <datafield tag="035" ind1=" " ind2=" ">
      <subfield code="z">(DE-588a)176904751</subfield>
      <subfield code="9">v:zg</subfield>
    </datafield>
    <datafield tag="035" ind1=" " ind2=" ">
      <subfield code="z">(DE-588)159743397</subfield>
    </datafield>
    <datafield tag="035" ind1=" " ind2=" ">
      <subfield code="z">(DE-588a)159743397</subfield>
      <subfield code="9">v:zg</subfield>
    </datafield>
    <datafield tag="035" ind1=" " ind2=" ">
      <subfield code="z">(DE-588)119776847</subfield>
    </datafield>
    <datafield tag="035" ind1=" " ind2=" ">
      <subfield code="z">(DE-588a)119776847</subfield>
      <subfield code="9">v:zg</subfield>
    </datafield>
    <datafield tag="035" ind1=" " ind2=" ">
      <subfield code="z">(DE-588a)123131138</subfield>
      <subfield code="9">v:zg</subfield>
    </datafield>
    <datafield tag="035" ind1=" " ind2=" ">
      <subfield code="z">(DE-588c)4647828-0</subfield>
      <subfield code="9">v:zg</subfield>
    </datafield>
    <datafield tag="040" ind1=" " ind2=" ">
      <subfield code="a">DE-605</subfield>
      <subfield code="c">DE-605</subfield>
      <subfield code="9">r:DE-605</subfield>
      <subfield code="b">ger</subfield>
      <subfield code="d">9999</subfield>
    </datafield>
    <datafield tag="042" ind1=" " ind2=" ">
      <subfield code="a">gnd1</subfield>
    </datafield>
    <datafield tag="043" ind1=" " ind2=" ">
      <subfield code="c">XU</subfield>
    </datafield>
    <datafield tag="065" ind1=" " ind2=" ">
      <subfield code="a">3.6p</subfield>
      <subfield code="2">sswd</subfield>
    </datafield>
    <datafield tag="075" ind1=" " ind2=" ">
      <subfield code="b">p</subfield>
      <subfield code="2">gndgen</subfield>
    </datafield>
    <datafield tag="075" ind1=" " ind2=" ">
      <subfield code="b">piz</subfield>
      <subfield code="2">gndspec</subfield>
    </datafield>
    <datafield tag="079" ind1=" " ind2=" ">
      <subfield code="a">g</subfield>
      <subfield code="q">s</subfield>
      <subfield code="q">f</subfield>
      <subfield code="q">n</subfield>
      <subfield code="q">a</subfield>
      <subfield code="q">t</subfield>
      <subfield code="u">v</subfield>
    </datafield>
    <datafield tag="100" ind1="0" ind2=" ">
      <subfield code="a">Oecumenius</subfield>
      <subfield code="d">ca. 6./7. Jh.</subfield>
    </datafield>
    <datafield tag="375" ind1=" " ind2=" ">
      <subfield code="a">1</subfield>
      <subfield code="2">iso5218</subfield>
    </datafield>
    <datafield tag="400" ind1="0" ind2=" ">
      <subfield code="a">Oecumenius</subfield>
      <subfield code="c">de Tricca</subfield>
      <subfield code="d">ca. 6./7. Jh.</subfield>
    </datafield>
    <datafield tag="400" ind1="0" ind2=" ">
      <subfield code="a">Oikumenios</subfield>
      <subfield code="c">Trikkēs</subfield>
      <subfield code="d">ca. 6./7. Jh.</subfield>
    </datafield>
    <datafield tag="400" ind1="1" ind2=" ">
      <subfield code="a">Tricca, Oecumenius &#152;de&#156;</subfield>
      <subfield code="d">ca. 6./7. Jh.</subfield>
    </datafield>
    <datafield tag="400" ind1="0" ind2=" ">
      <subfield code="a">Oecumenius</subfield>
      <subfield code="c">Triccensis</subfield>
      <subfield code="d">ca. 6./7. Jh.</subfield>
    </datafield>
    <datafield tag="400" ind1="0" ind2=" ">
      <subfield code="a">Oecumenius</subfield>
      <subfield code="c">Triccaeus</subfield>
      <subfield code="d">ca. 6./7. Jh.</subfield>
    </datafield>
    <datafield tag="400" ind1="0" ind2=" ">
      <subfield code="a">Oecumenius</subfield>
      <subfield code="c">Scriptor Ecclesiasticus</subfield>
      <subfield code="d">ca. 6./7. Jh.</subfield>
    </datafield>
    <datafield tag="400" ind1="0" ind2=" ">
      <subfield code="a">Oekumenios</subfield>
      <subfield code="c">Exeget</subfield>
      <subfield code="d">ca. 6./7. Jh.</subfield>
    </datafield>
    <datafield tag="400" ind1="0" ind2=" ">
      <subfield code="a">Oecumenius</subfield>
      <subfield code="c">Philosophus</subfield>
      <subfield code="d">ca. 6./7. Jh.</subfield>
    </datafield>
    <datafield tag="400" ind1="0" ind2=" ">
      <subfield code="a">Oecumenius</subfield>
      <subfield code="c">Triccius</subfield>
      <subfield code="d">ca. 6./7. Jh.</subfield>
    </datafield>
    <datafield tag="400" ind1="0" ind2=" ">
      <subfield code="a">Oecumenius</subfield>
      <subfield code="c">Thessalonicensis</subfield>
      <subfield code="d">ca. 6./7. Jh.</subfield>
    </datafield>
    <datafield tag="400" ind1="0" ind2=" ">
      <subfield code="a">Oecumenius</subfield>
      <subfield code="c">Episcopus</subfield>
      <subfield code="d">ca. 6./7. Jh.</subfield>
    </datafield>
    <datafield tag="400" ind1="0" ind2=" ">
      <subfield code="a">Oekumenios</subfield>
      <subfield code="c">von Trikka</subfield>
      <subfield code="d">ca. 6./7. Jh.</subfield>
    </datafield>
    <datafield tag="400" ind1="0" ind2=" ">
      <subfield code="a">Oikumenios</subfield>
      <subfield code="c">Philosophus</subfield>
      <subfield code="d">ca. 6./7. Jh.</subfield>
    </datafield>
    <datafield tag="400" ind1="0" ind2=" ">
      <subfield code="a">Oikumenios</subfield>
      <subfield code="c">Trikkios</subfield>
      <subfield code="d">ca. 6./7. Jh.</subfield>
    </datafield>
    <datafield tag="400" ind1="1" ind2=" ">
      <subfield code="a">Triccius, Oecumenius</subfield>
      <subfield code="d">ca. 6./7. Jh.</subfield>
    </datafield>
    <datafield tag="400" ind1="0" ind2=" ">
      <subfield code="a">Oicumenios</subfield>
      <subfield code="c">Trikkēs</subfield>
      <subfield code="d">ca. 6./7. Jh.</subfield>
    </datafield>
    <datafield tag="400" ind1="0" ind2=" ">
      <subfield code="a">Oikumenios</subfield>
      <subfield code="c">von Trikka</subfield>
      <subfield code="d">ca. 6./7. Jh.</subfield>
    </datafield>
    <datafield tag="400" ind1="0" ind2=" ">
      <subfield code="a">Oecumenius</subfield>
      <subfield code="c">Evêque</subfield>
      <subfield code="d">ca. 6./7. Jh.</subfield>
    </datafield>
    <datafield tag="400" ind1="0" ind2=" ">
      <subfield code="a">Oecumenius</subfield>
      <subfield code="c">Saint</subfield>
      <subfield code="d">ca. 6./7. Jh.</subfield>
    </datafield>
    <datafield tag="400" ind1="0" ind2=" ">
      <subfield code="a">Oecumenius</subfield>
      <subfield code="c">of Tricca</subfield>
      <subfield code="d">ca. 6./7. Jh.</subfield>
    </datafield>
    <datafield tag="400" ind1="0" ind2=" ">
      <subfield code="a">Oecumenius</subfield>
      <subfield code="c">Bishop</subfield>
      <subfield code="d">ca. 6./7. Jh.</subfield>
    </datafield>
    <datafield tag="400" ind1="0" ind2=" ">
      <subfield code="a">Oecumenius</subfield>
      <subfield code="c">Rhetor et Philosophus</subfield>
      <subfield code="d">ca. 6./7. Jh.</subfield>
    </datafield>
    <datafield tag="400" ind1="0" ind2=" ">
      <subfield code="a">Pseudo-Oecumenius</subfield>
      <subfield code="d">ca. 6./7. Jh.</subfield>
    </datafield>
    <datafield tag="400" ind1="0" ind2=" ">
      <subfield code="a">Oecumenius</subfield>
      <subfield code="c">Theologus</subfield>
      <subfield code="d">ca. 6./7. Jh.</subfield>
    </datafield>
    <datafield tag="400" ind1="0" ind2=" ">
      <subfield code="a">Pseudo-Oecumenius</subfield>
      <subfield code="c">Scriptor Ecclesiasticus</subfield>
      <subfield code="d">ca. 6./7. Jh.</subfield>
    </datafield>
    <datafield tag="400" ind1="0" ind2=" ">
      <subfield code="a">Oikumenios</subfield>
      <subfield code="d">ca. 6./7. Jh.</subfield>
    </datafield>
    <datafield tag="400" ind1="0" ind2=" ">
      <subfield code="a">Oecumenius</subfield>
      <subfield code="c">Exegeta</subfield>
      <subfield code="d">ca. 6./7. Jh.</subfield>
    </datafield>
    <datafield tag="400" ind1="0" ind2=" ">
      <subfield code="a">Ecumenio</subfield>
      <subfield code="d">ca. 6./7. Jh.</subfield>
    </datafield>
    <datafield tag="400" ind1="0" ind2=" ">
      <subfield code="a">Oecumenius</subfield>
      <subfield code="c">Beatus</subfield>
      <subfield code="d">ca. 6./7. Jh.</subfield>
    </datafield>
    <datafield tag="548" ind1=" " ind2=" ">
      <subfield code="a">ca. 6./7. Jh.</subfield>
      <subfield code="4">datl</subfield>
      <subfield code="4">https://d-nb.info/standards/elementset/gnd#associatedDate</subfield>
      <subfield code="w">r</subfield>
      <subfield code="i">Lebensdaten</subfield>
    </datafield>
    <datafield tag="550" ind1=" " ind2=" ">
      <subfield code="0">(DE-101)040597563</subfield>
      <subfield code="0">(DE-588)4059756-8</subfield>
      <subfield code="0">https://d-nb.info/gnd/4059756-8</subfield>
      <subfield code="a">Theologe</subfield>
      <subfield code="4">berc</subfield>
      <subfield code="4">https://d-nb.info/standards/elementset/gnd#professionOrOccupation</subfield>
      <subfield code="w">r</subfield>
      <subfield code="i">Charakteristischer Beruf</subfield>
    </datafield>
    <datafield tag="667" ind1=" " ind2=" ">
      <subfield code="a">12</subfield>
    </datafield>
    <datafield tag="667" ind1=" " ind2=" ">
      <subfield code="a">12-PMA:Suppl.</subfield>
    </datafield>
    <datafield tag="667" ind1=" " ind2=" ">
      <subfield code="a">VD-17</subfield>
    </datafield>
    <datafield tag="670" ind1=" " ind2=" ">
      <subfield code="a">LACL</subfield>
    </datafield>
    <datafield tag="672" ind1=" " ind2="0">
      <subfield code="a">Oikumeniu Exēgēsis Eis tas hepta katholikas legomenas epistolas. - 1610</subfield>
    </datafield>
    <datafield tag="672" ind1=" " ind2="0">
      <subfield code="a">Epistolae Pauli. - 1553. (VD16 B 5011)</subfield>
    </datafield>
    <datafield tag="672" ind1=" " ind2="0">
      <subfield code="a">Oecumenii Graeci vetustique scriptoris in omnes s. Pauli epistolas absolutissimi commentarii. - 1554. (VD16 ZV 1966)</subfield>
    </datafield>
    <datafield tag="678" ind1=" " ind2=" ">
      <subfield code="b">Commentarius in Apocalypsin; Commentarii in Pauli epistulas; Scholia in Iohannem Chrisostomum; Verfasserschaft sämtlicher Werke umstritten, Identität mit dem Bischof von Tricca (10./11. Jh.) nicht gegeben (LThK, 3. Aufl.); Durch seinen Apokalypse-Kommentar bekannter griechischer Exeget im Byzantinischen Reich, Verfasser des "Commentarius in Apocalypsin", bei dem es sich nach LACL u. Lampe: A patristic lexicon, Oxford 1961 u. Clavis patrum Graecorum nicht um Oecumenius &lt;de Tricca&gt; handelt</subfield>
    </datafield>
    <datafield tag="913" ind1=" " ind2=" ">
      <subfield code="S">pnd</subfield>
      <subfield code="i">5</subfield>
      <subfield code="a">Oecumenius</subfield>
      <subfield code="0">(DE-588a)123131138</subfield>
    </datafield>
    <datafield tag="913" ind1=" " ind2=" ">
      <subfield code="S">pnd</subfield>
      <subfield code="i">5</subfield>
      <subfield code="a">Oecumenius</subfield>
      <subfield code="0">(DE-588a)119776847</subfield>
    </datafield>
    <datafield tag="913" ind1=" " ind2=" ">
      <subfield code="S">pnd</subfield>
      <subfield code="i">5</subfield>
      <subfield code="a">Oecumenius</subfield>
      <subfield code="0">(DE-588a)159743397</subfield>
    </datafield>
    <datafield tag="913" ind1=" " ind2=" ">
      <subfield code="S">pnd</subfield>
      <subfield code="i">5</subfield>
      <subfield code="a">Oecumenius &lt;De Tricca&gt;</subfield>
      <subfield code="0">(DE-588a)176904751</subfield>
    </datafield>
    <datafield tag="913" ind1=" " ind2=" ">
      <subfield code="S">pnd</subfield>
      <subfield code="i">5</subfield>
      <subfield code="a">Oecumenius Beatus</subfield>
      <subfield code="0">(DE-588a)182062201</subfield>
    </datafield>
  </record>
